@book{Plenk2019,
  author    = {Plenk, Valentin},
  date      = {2019},
  title     = {Angewandte Netzwerktechnik kompakt},
  edition   = {2., aktualisierte und erweiterte Auflage},
  isbn      = {9783658245238},
  location  = {Berlin},
  pagetotal = {1291},
  publisher = {Springer Vieweg},
  series    = {Springer eBooks},
  ppn_gvk   = {1666748048}
}

@book{Siemens,
  author  = {Siemens AG},
  title   = {FTP Communication with an S7-1500 Station: CP 1543-1, FTP, FTPS, FTP over TLS},
  url     = {https://support.industry.siemens.com/cs/ww/en/view/103550797},
  version = {3}
}

@misc{Siemens2023,
  author = {Siemens AG},
  date   = {2023-08-11},
  title  = {Totally Integrated Automation Portal -- Always ready for tomorrow},
  url    = {https://www.siemens.com/global/en/products/automation/industry-software/automation-software/tia-portal.html}
}

@Comment{jabref-meta: databaseType:biblatex;}
